@inproceedings{chen2020simple,
  title={A simple framework for contrastive learning of visual representations},
  author={Chen, Ting and Kornblith, Simon and Norouzi, Mohammad and Hinton, Geoffrey},
  booktitle={International conference on machine learning},
  pages={1597--1607},
  year={2020},
  organization={PMLR}
}

@article{devlin2018bert,
  title={Bert: Pre-training of deep bidirectional transformers for language understanding},
  author={Devlin, Jacob and Chang, Ming-Wei and Lee, Kenton and Toutanova, Kristina},
  journal={arXiv preprint arXiv:1810.04805},
  year={2018},
}

@article{mnih2015human,
  title={Human-level control through deep reinforcement learning},
  author={Mnih, Volodymyr and Kavukcuoglu, Koray and Silver, David and Rusu, Andrei A and Veness, Joel and Bellemare, Marc G and Graves, Alex and Riedmiller, Martin and Fidjeland, Andreas K and Ostrovski, Georg and others},
  journal={nature},
  volume={518},
  number={7540},
  pages={529--533},
  year={2015},
  publisher={Nature Publishing Group}
}

@inproceedings{laskin2020curl,
  title={Curl: Contrastive unsupervised representations for reinforcement learning},
  author={Laskin, Michael and Srinivas, Aravind and Abbeel, Pieter},
  booktitle={International Conference on Machine Learning},
  pages={5639--5650},
  year={2020},
  organization={PMLR}
}

@inproceedings{kakade2002approximately,
  title={Approximately optimal approximate reinforcement learning},
  author={Kakade, Sham and Langford, John},
  booktitle={In Proc. 19th International Conference on Machine Learning},
  year={2002},
  organization={Citeseer}
}

@inproceedings{oh2016control,
  title={Control of memory, active perception, and action in minecraft},
  author={Oh, Junhyuk and Chockalingam, Valliappa and Lee, Honglak and others},
  booktitle={International Conference on Machine Learning},
  pages={2790--2799},
  year={2016},
  organization={PMLR}
}

@article{oord2018representation,
  title={Representation learning with contrastive predictive coding},
  author={Oord, Aaron van den and Li, Yazhe and Vinyals, Oriol},
  journal={arXiv preprint arXiv:1807.03748},
  year={2018}
}

@article{zhu2020masked,
  title={Masked Contrastive Representation Learning for Reinforcement Learning},
  author={Zhu, Jinhua and Xia, Yingce and Wu, Lijun and Deng, Jiajun and Zhou, Wengang and Qin, Tao and Li, Houqiang},
  journal={arXiv preprint arXiv:2010.07470},
  year={2020}
}

@article{williams1992simple,
  title={Simple statistical gradient-following algorithms for connectionist reinforcement learning},
  author={Williams, Ronald J},
  journal={Machine learning},
  volume={8},
  number={3-4},
  pages={229--256},
  year={1992},
  publisher={Springer}
}

@article{silver2017mastering,
  title={Mastering chess and shogi by self-play with a general reinforcement learning algorithm},
  author={Silver, David and Hubert, Thomas and Schrittwieser, Julian and Antonoglou, Ioannis and Lai, Matthew and Guez, Arthur and Lanctot, Marc and Sifre, Laurent and Kumaran, Dharshan and Graepel, Thore and others},
  journal={arXiv preprint arXiv:1712.01815},
  year={2017}
}

@article{schrittwieser2020mastering,
  title={Mastering atari, go, chess and shogi by planning with a learned model},
  author={Schrittwieser, Julian and Antonoglou, Ioannis and Hubert, Thomas and Simonyan, Karen and Sifre, Laurent and Schmitt, Simon and Guez, Arthur and Lockhart, Edward and Hassabis, Demis and Graepel, Thore and others},
  journal={Nature},
  volume={588},
  number={7839},
  pages={604--609},
  year={2020},
  publisher={Nature Publishing Group}
}


@inbook{10.5555/303568.303704,
author = {LeCun, Yann and Bengio, Yoshua},
title = {Convolutional Networks for Images, Speech, and Time Series},
year = {1998},
isbn = {0262511029},
publisher = {MIT Press},
address = {Cambridge, MA, USA},
booktitle = {The Handbook of Brain Theory and Neural Networks},
pages = {255â€“258},
numpages = {4}
}